@book{Aho:72,
    author  = {Alfred V. Aho and Jeffrey D. Ullman},
    title   = {The Theory of Parsing, Translation and Compiling},
    year    = "1972",
    volume  = "1",
    publisher = {Prentice-Hall},
    address = {Englewood Cliffs, NJ}
}

@book{APA:83,
    author  = {{American Psychological Association}},
    title   = {Publications Manual},
    year    = "1983",
   publisher = {American Psychological Association},
   address = {Washington, DC}
}

@article{ACM:83,
	year = "1983",
	author = {{Association for Computing Machinery}},
	journal = {Computing Reviews},
	volume = "24",
	number = "11",
	pages = "503--512"
}

@article{Chandra:81,
	author = {Ashok K. Chandra and Dexter C. Kozen and Larry J. Stockmeyer},
	year = "1981",
	title = {Alternation},
	journal = {Journal of the Association for Computing Machinery},
	volume = "28",
	number = "1",
	pages = "114--133",
	doi = "10.1145/322234.322243",
}

@book{Gusfield:97,
    author  = {Dan Gusfield},
    title   = {Algorithms on Strings, Trees and Sequences},
    year    = "1997",
    publisher = {Cambridge University Press},
    address = {Cambridge, UK}
}

@InProceedings{P16-1001,
  author =	{Goodman, James
  	 and Vlachos, Andreas
	     and Naradowsky, Jason},
  title =    "Noise reduction and targeted exploration in imitation learning for      Abstract Meaning Representation parsing    ",
  booktitle = 	    "Proceedings of the 54th Annual Meeting of the Association for      Computational Linguistics (Volume 1: Long Papers)    ",
  year =    "2016",
  publisher =	"Association for Computational Linguistics",
  pages =   "1--11",
  location =	"Berlin, Germany",
  doi =    "10.18653/v1/P16-1001",
  url =    "http://aclweb.org/anthology/P16-1001"
}

@InProceedings{C14-1001,
  author =	"Harper, Mary",
  title = 	"Learning from 26 Languages: Program Management and Science in the Babel Program",
  booktitle = 	"Proceedings of COLING 2014, the 25th International Conference on Computational Linguistics: Technical Papers",
  year =    "2014",
  publisher =	"Dublin City University and Association for Computational Linguistics",
  pages =   "1",
  location =	"Dublin, Ireland",
  url =    "http://aclweb.org/anthology/C14-1001"
}


@article{ai1924proiskhozhdenie,
  title={Proiskhozhdenie Zhizny},
  author={Oparin, Alexander Ivanovich},
  journal={Izd. Moskovhii Rabochii},
  city={Moscow},
  year={1924}
}

@article{tomasello1996cultural,
  title={The Cultural Roots of Language},
  author={Tomasello, Michael},
  journal={Communicating Meaning: {T}he Evolution and Development of Language},
  pages={275--307},
  year={1996},
  publisher={Lawrence Erlbaum Associates, Inc Hillsdale}
}

@book{chomsky1986knowledge,
  title={Knowledge of language: {I}ts nature, origin, and use},
  author={Chomsky, Noam},
  year={1986},
  publisher={Greenwood Publishing Group}
}

@article{pinker1990natural,
  title={Natural language and natural selection},
  author={Pinker, Steven and Bloom, Paul},
  journal={Behavioral and Brain Sciences},
  volume={13},
  number={4},
  pages={707--727},
  year={1990},
  publisher={Cambridge University Press}
}

@incollection{de2008emergence,
  title={The emergence of compositionality, hierarchy and recursion in peer-to-peer interactions},
  author={De Beule, Joachim},
  booktitle={The Evolution Of Language},
  pages={75--82},
  year={2008},
  publisher={World Scientific}
}

@book{Humboldt1836Uber,
	Address = {Berlin},
	Author = {Humboldt, Wilhelm von},
	Publisher = {D{\"u}mmler},
	Title = {{\"U}ber die Verschiedenheit des menschlichen Sprachbaus und ihren Einfluss auf die geistige Entwickelung des Menschengeschlechtes},
	Year = {1836}
	}

@article{kirby2014iterated,
  title={Iterated learning and the evolution of language},
  author={Kirby, Simon and Griffiths, Tom and Smith, Kenny},
  journal={Current Opinion in Neurobiology},
  volume={28},
  pages={108--114},
  year={2014}
}

@InProceedings{K18-3001,
  author = 	"Cotterell, Ryan
		and Kirov, Christo
		and Sylak-Glassman, John
		and Walther, G{\.{e}}raldine
		and Vylomova, Ekaterina
		and McCarthy, Arya D.
		and Kann, Katharina
		and Mielke, Sebastian
		and Nicolai, Garrett
		and Silfverberg, Miikka
		and Yarowsky, David
		and Eisner, Jason
		and Hulden, Mans",
  title = 	"The CoNLL--SIGMORPHON 2018 Shared Task: Universal Morphological Reinflection",
  booktitle = 	"Proceedings of the CoNLL SIGMORPHON 2018 Shared Task: Universal Morphological Reinflection",
  year = 	"2018",
  publisher = 	"Association for Computational Linguistics",
  pages = 	"1--27",
  location = 	"Brussels",
  url = 	"http://aclweb.org/anthology/K18-3001"
}


@InProceedings{KIROV18.789,
  author = {Christo Kirov and Ryan Cotterell and John Sylak-Glassman and Géraldine Walther and Ekaterina Vylomova and Patrick Xia and Manaal Faruqui and Sebastian Mielke and Arya D. McCarthy and Sandra Kübler and David Yarowsky and Jason Eisner and Mans Hulden},
  title = "{UniMorph 2.0: {U}niversal Morphology}",
  booktitle = {Proceedings of the Eleventh International Conference on Language Resources and Evaluation (LREC 2018)},
  year = {2018},
  month = {May 7-12, 2018},
  address = {Miyazaki, Japan},
  editor = {Nicoletta Calzolari (Conference chair) and Khalid Choukri and Christopher Cieri and Thierry Declerck and Sara Goggi and Koiti Hasida and Hitoshi Isahara and Bente Maegaard and Joseph Mariani and Hélène Mazo and Asuncion Moreno and Jan Odijk and Stelios Piperidis and Takenobu Tokunaga},
  publisher = {European Language Resources Association (ELRA)},
  isbn = {979-10-95546-00-9},
  language = {english}
  }

@book{fodor1975language,
  title={The Language of Thought},
  author={Fodor, Jerry A.},
  volume={5},
  year={1975},
  publisher={Harvard University Press}
}

@article{kirby2002learning,
  title={Learning, Bottlenecks and the Evolution of Recursive Syntax},
  author={Kirby, Simon},
  journal={Linguistic Evolution through Language Acquisition: {F}ormal and Computational Models},
  pages={173--203},
  year={2002},
  publisher={Cambridge University Press}
}

@inproceedings{havrylov2017emergence,
  title={Emergence of language with multi-agent games: {L}earning to communicate with sequences of symbols},
  author={Havrylov, Serhii and Titov, Ivan},
  booktitle={Advances in Neural Information Processing Systems},
  pages={2149--2159},
  year={2017}
}

@article{andreas2018measuring,
  title={Measuring Compositionality in Representation Learning},
  author={Andreas, Jacob},
  year={2018}
}

@article{williams1992simple,
  title={Simple statistical gradient-following algorithms for connectionist reinforcement learning},
  author={Williams, Ronald J.},
  journal={Machine Learning},
  volume={8},
  number={3-4},
  pages={229--256},
  year={1992},
  publisher={Springer}
}

@InProceedings{D17-1321,
  author = 	"Kottur, Satwik
		and Moura, Jos{\'e}
		and Lee, Stefan
		and Batra, Dhruv",
  title = 	"Natural Language Does Not Emerge `Naturally' in Multi-Agent Dialog",
  booktitle = 	"Proceedings of the 2017 Conference on Empirical Methods in Natural      Language Processing    ",
  year = 	"2017",
  publisher = 	"Association for Computational Linguistics",
  pages = 	"2962--2967",
  location = 	"Copenhagen, Denmark",
  doi = 	"10.18653/v1/D17-1321",
  url = 	"http://aclweb.org/anthology/D17-1321"
}


@article{kingma2013auto,
  title={Auto-encoding variational bayes},
  author={Kingma, Diederik P. and Welling, Max},
  journal={arXiv preprint arXiv:1312.6114},
  year={2013}
}

@book{cover2012elements,
  title={Elements of Information Theory},
  author={Cover, Thomas M. and Thomas, Joy A.},
  year={2012},
  publisher={John Wiley \& Sons}
}

@article{agakov2004algorithm,
  title={The {IM} algorithm: a variational approach to information maximization},
  author={Agakov, David Barber Felix},
  journal={Advances in Neural Information Processing Systems (NeurIPS)},
  volume={16},
  pages={201},
  year={2004}
}

@article{kirby2014iterated,
  title={Iterated Learning and the Evolution of Language},
  author={Kirby, Simon and Griffiths, Tom and Smith, Kenny},
  journal={Current Opinion in Neurobiology},
  volume={28},
  pages={108--114},
  year={2014},
  publisher={Elsevier}
}

@inproceedings{mordatch2018emergence,
  title={Emergence of grounded compositional language in multi-agent populations},
  author={Mordatch, Igor and Abbeel, Pieter},
  booktitle={Thirty-Second AAAI Conference on Artificial Intelligence},
  year={2018}
}

@article{nowak1999evolution,
  title={The evolution of language},
  author={Nowak, Martin A. and Krakauer, David C.},
  journal={Proceedings of the National Academy of Sciences},
  volume={96},
  number={14},
  pages={8028--8033},
  year={1999},
  publisher={National Academy Sciences}
}

@article{berko1958child,
  title={The child's learning of {E}nglish morphology},
  author={Berko, Jean},
  journal={Word},
  volume={14},
  number={2-3},
  pages={150--177},
  year={1958},
  publisher={Taylor \& Francis}
}